@InProceedings
{
    cltune,
    author = "Cedric Nugteren and Valeriu Codreanu",
    title = "CLTune: A Generic Auto-Tuner for OpenCL Kernels",
    booktitle = "MCSoC: 9th International Symposium on Embedded Multicore/Many-core Systems-on-Chip",
    year = 2015,
    organization = IEEE,
}

@Misc
{
    kerneltuner,
    author = {Ben van Werkhoven},
    title = {Kernel Tuner: A Search-Optimizing GPU Code Auto-Tuner},
    year = {2018}
}

@InProceedings
{
    opentuner,
    author = "Jason Ansel and Shoaib Kamil and Kalyan Veeramachaneni and Jonathan Ragan-Kelley and Jeffrey Bosboom and Una-May O'Reilly and Saman Amarasinghe",
    title = "OpenTuner: An Extensible Framework for Program Autotuning",
    url = "http://groups.csail.mit.edu/commit/papers/2014/ansel-pact14-opentuner.pdf",
    slides = "http://groups.csail.mit.edu/commit/papers/2014/ansel-pact14-opentuner-slides.pdf",
    keywords = "OpenTuner",
    month = "August",
    year = "2014",
    address = "Edmonton, Canada",
    booktitle = "International Conference on Parallel Architectures and Compilation Techniques",
}

@InProceedings
{
    atf,
    author = {A. Rasch and M. Haidl and S. Gorlatch},
    booktitle = {2017 IEEE 19th International Conference on High Performance Computing and Communications; IEEE 15th International Conference on Smart City; IEEE 3rd International Conference on Data Science and Systems (HPCC/SmartCity/DSS)},
    title = {ATF: A Generic Auto-Tuning Framework},
    year = {2017},
    volume = {},
    number = {},
    pages = {64-71},
    doi = {10.1109/HPCC-SmartCity-DSS.2017.9},
    ISSN = {},
    month = {Dec},
}

@Book
{
    software-architectures,
    title = {Pattern-Oriented Software Architecture, Volume 1, A System of Patterns},
    author = {Frank Buschmann and Regine Meunier and Hans Rohnert and Peter Sommerlad and Michael Stal},
    year = {1996},
    publisher = {Wiley},
}

@Online
{
    kerneltuner-example,
    author = {Ben van Werkhoven},
    title = {Kernel Tuner Example},
    year = {2018},
    url = {https://github.com/benvanwerkhoven/kernel_tuner/blob/master/examples/cuda/expdist.py},
    urldate = {2018-03-08}
}

@Online
{
    atf-example,
    author = {A. Rasch and M. Haidl and S. Gorlatch},
    title = {ATF Example},
    year = {2017},
    url = {https://gitlab.com/larisa.stoltzfus/liftstencil-cgo2018-artifact/blob/master/tools/atf/atf/examples/saxpy/src/main.cpp},
    urldate = {2018-04-04}
}

@Online
{
    shoc-kernel,
    author = {UTâ€“Battelle},
    title = {The SHOC Benchmark Suite},
    year = 2014,
    url = {https://github.com/vetter/shoc},
    urldate = {2018-04-25}
}

@Online
{
    opencl-specification,
    author = {Khronos OpenCL Working Group},
    title = {The OpenCL 1.2 Specification},
    year = 2012,
    url = {https://www.khronos.org/registry/cl/specs/opencl-1.2.pdf},
    urldate = {2018-02-25}
}

@Online
{
    cuda-documentation,
    author = {Nvidia},
    title = {CUDA Driver API Reference Manual},
    year = 2017,
    url = {http://docs.nvidia.com/cuda/pdf/CUDA_Driver_API.pdf},
    urldate = {2018-04-04}
}

@Online
{
    opencl-hierarchy-diagram,
    author = {Wikipedia},
    title = {OpenCL Hierarchy Diagram},
    url = {https://de.wikipedia.org/wiki/OpenCL},
    urldate = {2018-04-24}
}
